@BOOK{swing,
  AUTHOR =       {Herbert Schildt},
  TITLE =        {Swing: A Beginner's Guide (Beginner's Guide (Osborne Mcgraw Hill))},
  YEAR =         {2006},
}

@BOOK{swinghacks,
  AUTHOR =       {Joshua Marinacci, Joshua Marinacci},
  TITLE =        {Swing Hacks: Tips and Tools for Killer GUIs},
  YEAR =         {2005},
}
