@BOOK{componentes,
  AUTHOR =       {Clemens Szyperski},
  TITLE =        {Component Software: Beyond Object-Oriented Programming},
  PUBLISHER =    {(2nd Edition)},
}
@BOOK{swing,
  AUTHOR =       {Herbert Schildt},
  TITLE =        {Swing: A Beginner's Guide (Beginner's Guide (Osborne Mcgraw Hill))},
  YEAR =         {2006},
}
@BOOK{swinghacks,
  AUTHOR =       {Joshua Marinacci, Joshua Marinacci},
  TITLE =        {Swing Hacks: Tips and Tools for Killer GUIs},
  YEAR =         {2005},
}
@BOOK{java1,
  AUTHOR =       {Patric Chan, Rosanna Lee, Douglas Kramer},
  editor =       {},
  TITLE =        {The java Class Libraries},
  PUBLISHER =    {Second Edition},
  volume =       {1},
}
@BOOK{java2,
  AUTHOR =       {Patric Chan, Rosanna Lee, Douglas Kramer},
  editor =       {},
  TITLE =        {The java Class Libraries},
  PUBLISHER =    {Second Edition},
  volume =       {2},
}
@BOOK{javat,
  AUTHOR =       {Scott Oaks, Henry Wong},
  editor =       {},
  TITLE =        {The java Threads},
}
@BOOK{javac1,
  AUTHOR =       {Cay S. Horstmann, Gary Cornell},
  editor =       {},
  TITLE =        {Core java},
  PUBLISHER =    {7º Edition},
  volume =       {1 - Fundamentos},
}
@BOOK{javac2,
  AUTHOR =       {Cay S. Horstmann, Gary Cornell},
  editor =       {},
  TITLE =        {Core java},
  PUBLISHER =    {Second Edition},
  volume =       {2 - Caracteristicas Avanzadas},
}
@BOOK{java2d,
  AUTHOR =       {Vicent J. Hardy},
  editor =       {},
  TITLE =        {Java 2D API Graphics},
}
@BOOK{javajfc1,
  AUTHOR =       {David M. Geary},
  TITLE =        {Graphix Java Mastering the JFC},
  YEAR =         {},
  volume =       {1 - AWT},
}
@BOOK{javajfc2,
  AUTHOR =       {David M. Geary},
  TITLE =        {Graphix Java Mastering the JFC},
  YEAR =         {},
  volume =       {2 - Swing},
}
